@article{renner2019challenges,
	title={Challenges of x-ray spectroscopy in investigations of matter under extreme conditions},
	author={Renner, Oldrich and Rosmej, FB},
	journal={Matter and Radiation at Extremes},
	volume={4},
	number={2},
	pages={024201},
	year={2019},
	publisher={China Academy of Engineering Physics},
	doi={10.1063/1.5086344}
}

@article{blasco2001portable,
	title={Portable, tunable, high-luminosity spherical crystal spectrometer with an x-ray charge coupled device, for high-resolution x-ray spectromicroscopy of clusters heated by femtosecond laser pulses},
	author={Blasco, F and Stenz, C and Salin, F and Faenov, A Ya and Magunov, AI and Pikuz, TA and Skobelev, I Yu},
	journal={Review of scientific instruments},
	volume={72},
	number={4},
	pages={1956--1962},
	year={2001},
	publisher={American Institute of Physics},
	doi={10.1063/1.1355273}
}

@article{faenov1994,
	title={High-performance x-ray spectroscopic devices for plasma microsources 
	investigations},
	author={Faenov, A Ya and Pikuz, SA and Erko, AI and Bryunetkin, BA and 
	Dyakin, VM and Ivanenkov, GV and Mingaleev, AR and Pikuz, TA and Romanova, 
	VM and Shelkovenko, TA},
	journal={Physica Scripta},
	volume={50},
	number={4},
	pages={333},
	year={1994},
	publisher={IOP Publishing},
	doi={10.1088/0031-8949/50/4/003}
}

@article{yang2011focusing,
	title={Focusing X-ray spectrograph with spatial resolution and uniform 
	dispersion},
	author={Yang, Qingguo and Ye, Yan and Chen, Guanghua and Li, Zeren and 
	Yang, Libing and Peng, Qixian and Huang, Xianbin and Cai, Hongchun and Li, 
	Jing},
	journal={Nuclear Instruments and Methods in Physics Research Section A: 
	Accelerators, Spectrometers, Detectors and Associated Equipment},
	volume={634},
	number={1},
	pages={52--58},
	year={2011},
	publisher={Elsevier},
	doi={10.1016/j.nima.2011.01.032}
}

@book{zou2016handbook,
	title={Handbook for highly charged ion spectroscopic research},
	author={Zou, Yaming and Hutton, Roger and Currell, Fred and Martinson, 
	Indrek and Hagmann, Siegbert},
	year={2016},
	publisher={Taylor \& Francis},
	doi={10.1201/b11319-5}
}

@article{johann1931erzeugung,
	title={Die erzeugung lichtstarker r{\"o}ntgenspektren mit hilfe von 
	konkavkristallen},
	author={Johann, Hans Heinrich},
	journal={Zeitschrift f{\"u}r Physik},
	volume={69},
	pages={185--206},
	year={1931},
	publisher={Springer},
	doi={10.1007/BF01798121}
}

@article{pikuz1995bragg,
	title={Bragg X-ray optics for imaging spectroscopy of plasma microsources},
	author={Pikuz, TA and Faenov, A Ya and Pikuz, SA and Romanova, VM and 
	Shelkovenko, TA},
	journal={Journal of X-ray Science and Technology},
	volume={5},
	number={3},
	pages={323--340},
	year={1995},
	publisher={Elsevier},
	doi={10.1006/jxra.1995.0009}
}

@article{holzer1998flat,
  title={Flat and spherically bent muscovite 
  (mica) crystals for 
  X-ray spectroscopy},
  author={H{\"o}lzer, G and Wehrhan, O and 
  Heinisch, J and 
  F{\"o}rster, E and Pikuz, TA and Faenov, A 
  Ya 
  and Pikuz, SA 
  and Romanova, VM and Shelkovenko, TA},
  journal={Physica Scripta},
  volume={57},
  number={2},
  pages={301},
  year={1998},
  publisher={IOP Publishing},
  doi={10.1088/0031-8949/57/2/029}
}

@article{monot2002high,
  title={High-sensitivity, portable, tunable 
  imaging X-ray 
  spectrometer based on a spherical crystal 
  and 
  MCP},
  author={Monot, P and Auguste, T and 
  Dobosz, S 
  and Dâ€™Oliveira, 
  P and Hulin, S and Bougeard, M and Faenov, 
  A 
  Ya and Pikuz, TA 
  and Skobelev, I Yu},
  journal={Nuclear Instruments and Methods 
  in 
  Physics Research 
  Section A: Accelerators, Spectrometers, 
  Detectors and 
  Associated Equipment},
  volume={484},
  number={1-3},
  pages={299--311},
  year={2002},
  publisher={Elsevier},
  doi={10.1016/S0168-9002(01)01991-X}
}

@article{young1998high,
  title={High-resolution x-ray spectrometer 
  based on spherically bent crystals for 
  investigations of femtosecond laser 
  plasmas},
  author={Young, BKF and Osterheld, AL and 
  Price, DF and Shepherd, R and Stewart, RE 
  and 
  Faenov, A Ya and Magunov, AI and Pikuz, TA 
  and 
  Skobelev, I Yu and Flora, F and others},
  journal={Review of Scientific Instruments},
  volume={69},
  number={12},
  pages={4049--4053},
  year={1998},
  publisher={American Institute of Physics},
  doi={10.1063/1.1149249}
}

@inproceedings{peyrusse2009k,
  title={K-edge Absorption spectra in Warm 
  Dense 
  Matter},
  author={Peyrusse, O and Mazevet, S and 
  Recoules, V and Dorchies, F and Harmand, M 
  and 
  Levy, A and Fuchs, J and Mancic, A and 
  Nakatsutsumi, M and Renaudin, P and 
  others},
  booktitle={AIP Conference Proceedings},
  volume={1161},
  pages={200--206},
  year={2009},
  organization={American Institute of 
  Physics},
  doi={10.1063/1.3241191}
}

@article{fontaine1979soft,
  title={Soft X-ray absorption and EXAFS on 
  the 
  K edge of aluminium},
  author={Fontaine, A and Lagarde, P and 
  Raoux, 
  D and Esteva, JM},
  journal={Journal of Physics F: Metal 
  Physics},
  volume={9},
  number={10},
  pages={2143},
  year={1979},
  publisher={IOP Publishing},
  doi={10.1088/0305-4608/9/10/023}
}

@article{henke1993x,
  title={X-ray interactions: 
  photoabsorption, 
  scattering, transmission, and reflection 
  at E= 
  50-30,000 eV, Z= 1-92},
  author={Henke, Burton L and Gullikson, 
  Eric M 
  and Davis, John C},
  journal={Atomic data and nuclear data 
  tables},
  volume={54},
  number={2},
  pages={181--342},
  year={1993},
  publisher={Elsevier},
  doi={10.1006/adnd.1993.1013}
}

@article{levy2010double,
  title={Double conical crystal x-ray 
  spectrometer for high resolution ultrafast 
  x-ray absorption near-edge spectroscopy of 
  Al 
  K edge},
  author={Levy, A and Dorchies, F and 
  Fourment, 
  C and Harmand, M and Hulin, S and Santos, 
  JJ 
  and Descamps, D and Petit, S and 
  Bouillaud, R},
  journal={Review of Scientific Instruments},
  volume={81},
  number={6},
  pages={063107},
  year={2010},
  publisher={American Institute of Physics},
  doi={10.1063/1.3441983}
}

@article{vsmid2021x,
  title={X-ray spectrometer simulation code 
  with 
  a detailed support of mosaic crystals},
  author={{\v{S}}m{\'\i}d, Michal and Pan, 
  Xiayun and Falk, Katerina},
  journal={Computer Physics Communications},
  volume={262},
  pages={107811},
  year={2021},
  publisher={Elsevier},
  doi={10.1016/j.cpc.2020.107811}
}

@article{ferrari2019characterization,
  title={Characterization of ammonium 
  dihydrogen 
  phosphate 
  crystals for soft X-ray optics of the Beam 
  Expander 
  Testing X-ray facility (BEaTriX)},
  author={Ferrari, Claudio and Beretta, Sara 
  and 
  Salmaso, 
  Bianca and Pareschi, Giovanni and 
  Tagliaferri, 
  Gianpiero 
  and Basso, Stefano and Spiga, Daniele and 
  Pelliciari, 
  Carlo and Giro, Enrico},
  journal={Journal of Applied 
  Crystallography},
  volume={52},
  number={3},
  pages={599--604},
  year={2019},
  publisher={International Union of 
  Crystallography},
  doi={10.1107/S1600576719004631}
}

@article{rajesh2015growth,
  title={Growth and characterization of 
  large 
  size ADP 
  single crystals and the effect of glycine 
  on 
  their growth 
  and properties},
  author={Rajesh, P and Ramasamy, P},
  journal={Optical Materials},
  volume={42},
  pages={87--93},
  year={2015},
  publisher={Elsevier},
  doi={10.1016/j.optmat.2014.12.024}
}

@article{doppner2008high,
  title={High order reflectivity of highly 
  oriented 
  pyrolytic graphite crystals for x-ray 
  energies 
  up to 22 
  keV},
  author={D{\"o}ppner, T and Neumayer, P and 
  Girard, F and 
  Kugland, NL and Landen, OL and Niemann, C 
  and 
  Glenzer, SH},
  journal={Review of Scientific Instruments},
  volume={79},
  number={10},
  pages={10E311},
  year={2008},
  publisher={American Institute of Physics},
  doi={10.1063/1.2966378}
}

@inproceedings{alkhimova2016determination,
  title={Determination of spectral 
  reflectivity 
  of spherically bent mica crystals applied 
  for 
  diagnostics of relativistic laser plasmas},
  author={Alkhimova, MA and Pikuz, SA and 
  Faenov, A Ya and Skobelev, I Yu},
  booktitle={Journal of Physics: Conference 
  Series},
  volume={774},
  pages={012115},
  year={2016},
  organization={IOP Publishing},
  doi={10.1088/1742-6596/774/1/012115}
}

@book{thompson2001x,
  title={X-ray data booklet},
  author={Thompson, Albert C and Vaughan, 
  Douglas and others},
  volume={8},
  number={4},
  year={2001},
  publisher={Lawrence Berkeley National 
  Laboratory, University of California 
  Berkeley, CA}
}

@book{riley2021warm,
  title={Warm Dense Matter: Laboratory Generation and 
  Diagnosis},
  author={Riley, David},
  year={2021},
  publisher={IOP Publishing},
  doi={10.1088/978-0-7503-2348-2}
}

@article{falk2018experimental,
  title={Experimental methods for warm dense matter 
  research},
  author={Falk, Katerina},
  journal={High Power Laser Science and Engineering},
  volume={6},
  pages={e59},
  year={2018},
  publisher={Cambridge University Press},
  doi={10.1017/hpl.2018.53}
}

@book{graziani2014frontiers,
  title={Frontiers and challenges in warm dense 
  matter},
  author={Graziani, Frank and Desjarlais, Michael P 
  and Redmer, Ronald and Trickey, Samuel B},
  volume={96},
  year={2014},
  publisher={Springer Science \& Business}
}

@article{tahir2022planetary,
  title={Planetary physics research at the Facility 
  for Antiprotons and Ion Research using intense ion 
  beams},
  author={Tahir, NA and Shutov, A and Neumayer, P and 
  Bagnoud, V and Piriz, AR and Piriz, SA and Deutsch, 
  C},
  journal={The European Physical Journal Plus},
  volume={137},
  number={2},
  pages={273},
  year={2022},
  publisher={Springer},
  doi={10.1140/epjp/s13360-022-02476-2}
}

@article{collins1998measurements,
  title={Measurements of the equation of state of 
  deuterium at the fluid insulator-metal transition},
  author={Collins, GW and Da Silva, LB and Celliers, 
  P and Gold, DM and Foord, ME and Wallace, RJ and 
  Ng, A and Weber, SV and Budil, KS and Cauble, R},
  journal={Science},
  volume={281},
  number={5380},
  pages={1178--1181},
  year={1998},
  publisher={American Association for the Advancement 
  of Science},
  doi={10.1126/science.281.5380.1178}
}

@article{koenig2005progress,
  title={Progress in the study of warm dense matter},
  author={Koenig, M and Benuzzi-Mounaix, A and 
  Ravasio, A and Vinci, T and Ozaki, N and Lepape, S 
  and Batani, D and Huser, G and Hall, T and Hicks, D 
  and others},
  journal={Plasma Physics and Controlled Fusion},
  volume={47},
  number={12B},
  pages={B441},
  year={2005},
  publisher={IOP Publishing},
  doi={10.1088/0741-3335/47/12B/S31}
}

@article{bagnoud2010commissioning,
  title={Commissioning and early experiments of the 
  PHELIX facility},
  author={Bagnoud, Vincent and Aurand, B and 
  Blazevic, A and Borneis, S and Bruske, C and Ecker, 
  B and Eisenbarth, U and Fils, J and Frank, A and 
  Gaul, E and others},
  journal={Applied Physics B},
  volume={100},
  pages={137--150},
  year={2010},
  publisher={Springer},
  doi={10.1007/s00340-009-3855-7}
}

@article{millot2019nanosecond,
  title={Nanosecond X-ray diffraction of 
  shock-compressed superionic water ice},
  author={Millot, Marius and Coppari, Federica and 
  Rygg, J Ryan and Correa Barrios, Antonio and Hamel, 
  Sebastien and Swift, Damian C and Eggert, Jon H},
  journal={Nature},
  volume={569},
  number={7755},
  pages={251--255},
  year={2019},
  publisher={Nature Publishing Group UK London},
  doi={10.1038/s41586-019-1114-6}
}

@article{altarelli2011european,
  title={The European X-ray free-electron laser 
  facility in Hamburg},
  author={Altarelli, M},
  journal={Nuclear Instruments and Methods in Physics 
  Research Section B: Beam Interactions with 
  Materials and Atoms},
  volume={269},
  number={24},
  pages={2845--2849},
  year={2011},
  publisher={Elsevier},
  doi={10.1016/j.nimb.2011.04.034}
}

@article{schoenberg2020high,
  title={High-energy-density-science capabilities at 
  the Facility for Antiproton and Ion Research},
  author={Schoenberg, K and Bagnoud, V and Blazevic, 
  A and Fortov, VE and Gericke, DO and Golubev, A and 
  Hoffmann, DHH and Kraus, D and Lomonosov, IV and 
  Mintsev, V and others},
  journal={Physics of plasmas},
  volume={27},
  number={4},
  pages={043103},
  year={2020},
  publisher={AIP Publishing LLC},
  doi={10.1063/1.5134846}
}

@article{torchio2016probing,
  title={Probing local and electronic structure in 
  Warm Dense Matter: single pulse synchrotron x-ray 
  absorption spectroscopy on shocked Fe},
  author={Torchio, Raffaella and Occelli, Florent and 
  Mathon, Olivier and Sollier, Arnaud and Lescoute, 
  Emilien and Videau, Laurent and Vinci, Tommaso and 
  Benuzzi-Mounaix, Alessandra and Headspith, Jon and 
  Helsby, William and others},
  journal={Scientific reports},
  volume={6},
  number={1},
  pages={1--8},
  year={2016},
  publisher={Springer},
  doi={10.1038/srep26402}
}

@article{lee2003finite,
  title={Finite temperature dense matter studies on 
  next-generation light sources},
  author={Lee, Richard W and Moon, Stephen J and 
  Chung, Hyun-Kyung and Rozmus, Wojciech and Baldis, 
  Hector A and Gregori, Gianluca and Cauble, Robert C 
  and Landen, Otto L and Wark, Justin S and Ng, 
  Andrew and others},
  journal={JOSA B},
  volume={20},
  number={4},
  pages={770--778},
  year={2003},
  publisher={Optica Publishing Group},
  doi={10.1364/JOSAB.20.000770}
}

@article{newville2014fundamentals,
  title={Fundamentals of XAFS},
  author={Newville, Matthew},
  journal={Reviews in Mineralogy and Geochemistry},
  volume={78},
  number={1},
  pages={33--74},
  year={2014},
  publisher={GeoScienceWorld},
  doi={10.2138/rmg.2014.78.2}
}

@article{hall1988experimental,
  title={Experimental observation of ion correlation 
  in a dense laser-produced plasma},
  author={Hall, TA and Djaoui, A and Eason, RW and 
  Jackson, CL and Shiwai, B and Rose, SL and Cole, A 
  and Apte, P},
  journal={Physical review letters},
  volume={60},
  number={20},
  pages={2034},
  year={1988},
  publisher={APS},
  doi={10.1103/PhysRevLett.60.2034}
}

@article{levy2009x,
  title={X-ray absorption for the study of warm dense 
  matter},
  author={L{\'e}vy, A and Dorchies, F and Harmand, M 
  and Fourment, C and Hulin, S and Peyrusse, O and 
  Santos, JJ and Antici, P and Audebert, P and Fuchs, 
  J and others},
  journal={Plasma Physics and Controlled Fusion},
  volume={51},
  number={12},
  pages={124021},
  year={2009},
  publisher={IOP Publishing},
  doi={10.1088/0741-3335/51/12/124021}
}

@article{dubrovinsky2000situ,
  title={In situ X-ray study of thermal expansion and 
  phase transition of iron at multimegabar pressure},
  author={Dubrovinsky, LS and Saxena, SK and Tutti, F 
  and Rekhi, S and LeBehan, T},
  journal={Physical Review Letters},
  volume={84},
  number={8},
  pages={1720},
  year={2000},
  publisher={APS},
  doi={10.1103/PhysRevLett.84.1720}
}

@article{tahir2008studies,
  title={Studies of high-energy density states using 
  isochoric heating of matter by intense heavy ion 
  beams: the HEDgeHOB Collaboration},
  author={Tahir, NA and Spiller, P and Piriz, AR and 
  Shutov, A and Lomonosov, IV and Schollmeier, M and 
  Pelka, A and Hoffmann, DHH and Deutsch, C},
  journal={Physica Scripta},
  volume={2008},
  number={T132},
  pages={014023},
  year={2008},
  publisher={IOP Publishing},
  doi={10.1088/0031-8949/2008/T132/014023}
}

@article{hoffmann2006frontiers,
  title={Frontiers of dense plasma physics with 
  intense ion and laser beams and accelerator 
  technology},
  author={Hoffmann, DHH and Blazevic, A and Rosmej, 
  ON and Spiller, P and Tahir, NA and Weyrich, K and 
  Dafni, T and Kuster, M and Roth, M and Udrea, S and 
  others},
  journal={Physica Scripta},
  volume={2006},
  number={T123},
  pages={1},
  year={2006},
  publisher={IOP Publishing},
  doi={10.1088/0031-8949/2006/t123/001}
}

@misc{GSI_2023,  
 title={Ringbeschleuniger SIS18 â€“ der Rekordhalter}, 
 url={https://www.gsi.de/forschungbeschleuniger/beschleunigeranlage/ringbeschleuniger},
 urldate={2021-10-14}
} 
@misc{GSI_2023_ion_num,  
 title={D. Varentsov, HHT Experimental Area}, 
 url={https://www.gsi.de/work/forschung/appamml/plasmaphysikphelix/anlagen_bei_sis18_hht},
 urldate={2021-10-14}
} 

@book{giulietti1998x,
  title={X-ray emission from laser-produced plasmas},
  author={Giulietti, Danilo and Gizzi, Leonida A},
  year={1998},
  publisher={Ed. Compositori},
  doi={10.1007/BF02874624}
}

@incollection{mottana2015historical,
  title={The historical development of X-ray Absorption Fine Spectroscopy and 
  of its applications to Materials Science},
  author={Mottana, Annibale and Marcelli, Augusto},
  editor={Pisano, Raffaele},
  booktitle={A Bridge between Conceptual Frameworks: Sciences, Society and 
  Technology Studies},
  pages={275--301},
  year={2015},
  publisher={Springer},
  doi={10.48550/arXiv.1312.5295}
}

@article{eason1984improved,
  title={Improved laser-EXAFS studies of 
  aluminium foil},
  author={Eason, RW and Bradley, DK and 
  Kilkenny, JD and Greaves, GN},
  journal={Journal of Physics C: Solid 
  State Physics},
  volume={17},
  number={28},
  pages={5067},
  year={1984},
  publisher={IOP Publishing},
  doi={10.1088/0022-3719/17/28/022}
}

@article{bragg1914x,
  title={The X-ray spectrometer},
  author={Bragg, WH and Bragg, WL},
  journal={Nature},
  volume={94},
  number={2347},
  pages={199--200},
  year={1914}
}

@book{kunze2009introduction,
  title={Introduction to plasma 
  spectroscopy},
  author={Kunze, Hans-Joachim},
  volume={56},
  year={2009},
  publisher={Springer Science \& Business 
  Media},
  doi={https://doi.org/10.1007/978-3-642-02233-3}
}

@article{renner1999vertical,
  title={Vertical variant of a double 
  channel-cut 
  crystal spectrometer for investigation of 
  laser-generated plasmas},
  author={Renner, O and Patel, PK and Wark, 
  JS and 
  Krousky, E and Young, PE and Lee, RW},
  journal={Review of scientific 
  instruments},
  volume={70},
  number={7},
  pages={3025--3031},
  year={1999},
  publisher={American Institute of Physics},
  doi={10.1063/1.1149863}
}

@article{loisel2016measurement,
  title={Measurement and models of bent KAP 
  (001) crystal integrated reflectivity and 
  resolution},
  author={Loisel, Guillaume Pascal and Wu, 
  Ming and Stolte, W and Kruschwitz, C and 
  Lake, P and Dunham, GS and Bailey, JE and 
  Rochau, GA},
  journal={Review of Scientific 
  Instruments},
  volume={87},
  number={11},
  year={2016},
  publisher={AIP Publishing},
  doi={10.1063/1.4960149}
}

@article{gilfrich1975integral,
  title={Integral reflection coefficient of 
  X-ray spectrometer crystals},
  author={Gilfrich, JV and Brown, DB and 
  Burkhalter, PG},
  journal={Applied Spectroscopy},
  volume={29},
  number={4},
  pages={322--326},
  year={1975},
  publisher={SAGE Publications Sage UK: 
  London, England},
  doi={10.1366/00037027577445591}
}


@article{mottana2013,
	title={1913--2013--The centennial of X-ray absorption spectroscopy (XAS): Evidences about a question still open},
	author={Mottana, Annibale},
	journal={Journal of Electron Spectroscopy and Related Phenomena},
	volume={196},
	pages={14--19},
	year={2014},
	publisher={Elsevier}
	doi={10.1016/j.elspec.2013.12.004}
}

@book{siegbahn1925spectroscopy,
	title={The Spectroscopy of X-rays},
	author={Siegbahn, Manne},
	volume={10},
	year={1925},
	publisher={Oxford University Press, H. Milford}
	pages={131--142}
}

@inproceedings{stumm1989history,
	title={A history of X-ray absorption fine structure},
	author={Stumm von Bordwehr, R},
	booktitle={Annales de Physique},
	volume={14},
	number={4},
	pages={377--465},
	year={1989}
}

@article{vinko2012creation,
	title={Creation and diagnosis of a solid-density plasma with an X-ray free-electron laser},
	author={Vinko, SM and Ciricosta, O and Cho, BI and Engelhorn, K and Chung, H-K and Brown, CRD and Burian, T and Chalupsk{\`y}, J and Falcone, RW and Graves, C and others},
	journal={Nature},
	volume={482},
	number={7383},
	pages={59--62},
	year={2012},
	publisher={Nature Publishing Group UK London},
	doi={10.1038/nature10746}
}

@article{riley2017generation,
	title={Generation and characterisation of warm dense matter with intense lasers},
	author={Riley, David},
	journal={Plasma Physics and Controlled Fusion},
	volume={60},
	number={1},
	pages={014033},
	year={2017},
	publisher={IOP Publishing},
	doi={10.1088/1361-6587/aa8dd5}
}

@article{doppner2023observing,
	title={Observing the onset of pressure-driven K-shell delocalization},
	author={D{\"o}ppner, T and Bethkenhagen, M and Kraus, D and Neumayer, P and Chapman, DA and Bachmann, B and Baggott, RA and B{\"o}hme, MP and Divol, L and Falcone, RW and others},
	journal={Nature},
	pages={1--6},
	year={2023},
	publisher={Nature Publishing Group UK London},
	doi={10.1038/s41586-023-05996-8}
}

@article{lee2009x,
	title={X-ray Thomson-scattering measurements of density and temperature in shock-compressed beryllium},
	author={Lee, HJ and Neumayer, P and Castor, J and D{\"o}ppner, T and Falcone, RW and Fortmann, C and Hammel, BA and Kritcher, AL and Landen, OL and Lee, RW and others},
	journal={Physical review letters},
	volume={102},
	number={11},
	pages={115001},
	year={2009},
	publisher={APS},
	doi={10.1103/PhysRevLett.102.115001}
}

@article{wiese1965plasma,
	title={Plasma Diagnostic Techniques},
	author={Wiese, WL and Huddlestone, RH and Leonard, SL},
	journal={RH Hudldlestone, SL Leonard, editors},
	volume={21},
	pages={201--264},
	year={1965}
}

@article{ruggles2003measurements,
	title={Measurements of 4--10 keV x-ray production with the Z-Beamlet laser},
	author={Ruggles, LE and Porter Jr, JL and Rambo, PK and Simpson, WW and Vargas, MF and Bennett, GR and Smith, IC},
	journal={Review of scientific instruments},
	volume={74},
	number={3},
	pages={2206--2210},
	year={2003},
	publisher={American Institute of Physics},
	doi={10.1063/1.1537854}
}

@misc{cxro_database,  
	title={Berkeley Lab, Filter Transmission Database}, 
	url={https://henke.lbl.gov/optical_constants/filter2.html},
	urldate={2023-10-14}
} 

@article{dixit1993random,
	title={Random phase plates for beam smoothing on the Nova laser},
	author={Dixit, SN and Thomas, Ian M and Woods, Bruce W and Morgan, AJ and Henesian, MA and Wegner, PJ and Powell, HT},
	journal={Applied optics},
	volume={32},
	number={14},
	pages={2543--2554},
	year={1993},
	publisher={Optica Publishing Group},
	doi={10.1364/AO.32.002543}
}

@article{dorchies2008high,
	title={High-power 1 kHz laser-plasma x-ray source for ultrafast x-ray absorption near-edge spectroscopy in the keV range},
	author={Dorchies, F and Harmand, M and Descamps, D and Fourment, C and Hulin, S and Petit, S and Peyrusse, O and Santos, JJ},
	journal={Applied Physics Letters},
	volume={93},
	number={12},
	year={2008},
	publisher={AIP Publishing},
	doi={10.1063/1.2991293}
}

@misc{alice_report,  
	title={High-energy laser focal intensity characterization}, 
	author={Renaux, Alice},
	year={2023}
} 